@book{sipser1996introduction,
  title={Introduction to the Theory of Computation, 3rd edition},
  author={Sipser, Michael},
  year={2012},
  publisher={Cengage Learning},
  address={Cambridge, Massachusetts}
}

@booklet{plfa20.07,
    author = {Philip Wadler and Wen Kokke and Jeremy G. Siek},
    title  = {Programming Language Foundations in {A}gda},
    year   = {2020},
    month  = jul,
    url    = {http://plfa.inf.ed.ac.uk/20.07/},
}

@inproceedings{reynolds1972definitional,
  title={Definitional interpreters for higher-order programming languages},
  author={Reynolds, John C},
  booktitle={Proceedings of the {ACM} Annual Conference},
  volume={2},
  publisher={{ACM}},
  address={New York},
  pages={717--740},
  year={1972}
}

@article{church1940formulation,
  title={A formulation of the simple theory of types},
  author={Church, Alonzo},
  journal={The journal of symbolic logic},
  volume={5},
  number={2},
  pages={56--68},
  year={1940},
  publisher={Cambridge University Press}
}

@inproceedings{amin2017type,
  title={Type soundness proofs with definitional interpreters},
  author={Amin, Nada and Rompf, Tiark},
  booktitle={Proceedings of the 44th ACM SIGPLAN Symposium on Principles of Programming Languages},
  pages={666--679},
  year={2017},
  address={Paris, France},
  publisher={{ACM}}
}

@inproceedings{mcbride2015turing,
  title={Turing-completeness totally free},
  author={McBride, Conor},
  booktitle={International Conference on Mathematics of Program Construction},
  pages={257--275},
  year={2015},
  publisher={Springer},
  address={K\"{o}nnigswinter, Germany}
}

@book{appel04,
  author = {Andrew Appel},
  publisher = {Cambridge University Press},
  year = {2004},
  title = {Modern Compiler Implementation in {ML}},
  address ={New York} 
}

@inproceedings{rugina00,
  title={Recursion unrolling for divide and conquer programs},
  author={Rugina, Radu and Rinard, Martin},
  booktitle={International Workshop on Languages and Compilers for Parallel Computing},
  pages={34--48},
  year={2000},
  publisher={Springer},
  address={Yorktown, USA}
}

@book{pierce2002,
  title={Types and programming languages},
  author={Pierce, Benjamin C},
  year={2002},
  publisher={MIT press},
  address = {Cambridge, Massachusetts}
}

@inproceedings{abel99,
  author          = {Andreas Abel},
  booktitle       = {International Workshop on Types for Proofs and Programs},
  publisher       = {Springer},
  title           = {Specification and Verification of a Formal System for Structurally Recursive Functions},
  year            = {1999},
  address         = {Berlin},
  pages           = {1--20}
}

@techreport{abel98,
  author      = {Andreas Abel},
  institution = {Ludwigs-Maximilians-University},
  title       = {foetus --- termination checker for simple functional programs},
  year        = {1998},
  address     = {Munich},
}

@inproceedings{abel99a,
  author          = {Andreas Abel and Thorsten Altenkirch},
  booktitle       = {Fourth International Workshop on Termination WST},
  title           = {A semantical analysis of structural recursion},
  year            = {1999},
  pages           = {24--25},
  address         = {Dagstuhl, Germany},
  publisher       = {Darmstadt University of Technology}
}

@article{abel02,
  author          = {Andreas Abel and Thorsten Altenkirch},
  journal         = {Journal of Functional Programming},
  number          = {1},
  title           = {A Predicative Analysis of Structural Recursion},
  volume          = {12},
  year            = {2002},
  pages           = {1--41}
}

@misc{ringell,
  author       = {Ringell Developers},
  howpublished = {\url{https://github.com/mayconamaro/ringell}},
  title        = {Ringell},
  year         = {2022}
}

@inproceedings{barthe08,
  author          = {Barthe, Gilles and Gr\'{e}goire, Benjamin and Riba, Colin},
  booktitle       = {International Workshop on Computer Science Logic},
  publisher       = {Springer},
  title           = {Type-based termination with sized products},
  year            = {2008},
  address         = {Berlin},
  pages           = {493--507}
}

@article{barthe04,
  author          = {Gilles Barthe et al.},
  journal         = {Mathematical structures in computer science},
  number          = {1},
  title           = {Type-based termination of recursive definitions},
  volume          = {14},
  year            = {2004},
  pages           = {97--141}
}

@inproceedings{gilletut08,
  author          = {Gilles Barthe and Benjamin Gr\'{e}goire and Colin Riba},
  booktitle       = {International LerNet ALFA Summer School on Language Engineering and Rigorous Software Development},
  title           = {A tutorial on type-based termination},
  year            = {2008},
  pages           = {100--52},
  address         = {Piriapolis, Uruguay},
  publisher       = {Springer}
}

@misc{clang,
  author       = {{LLVM Project}},
  howpublished = {\url{https://clang.llvm.org/}},
  title        = {{Clang C Language Family Frontend for LLVM}},
  year         = {2022}
}

@misc{gcc,
  author       = {GNU},
  howpublished = {\url{https://gcc.gnu.org/}},
  title        = {{GCC, the GNU Compiler Collection}},
  year         = {2022}
}
@misc{msvc,
  author       = {Microsoft},
  howpublished = {\url{https://visualstudio.microsoft.com/cplusplus/}},
  title        = {{Visual Studio Compiler for Windows}},
  year         = {2022}
}

@book{sullivan08,
title={Real World Haskell},
author={Bryan O'Sullivan and John Goerzen and Don Stewart},
publisher = {O'Reilly},
address={Sebastopol},
year={2008}
}

@phdthesis{norell07,
  author      = {Ulf Norell},
  school      = {Chalmers University of Technology and Göteborg University},
  title       = {Towards a practical programming language based on dependent type theory},
  year        = {2007},
  address = {Sweden}
}

@article{huet1997coq,
  title={The {Coq} proof assistant a tutorial},
  author={Huet, G{\'e}rard and Kahn, Gilles and Paulin-Mohring, Christine},
  journal={Rapport Technique},
  volume={178},
  year={1997}
}

@misc{ebpf22,
  author       = {{Authors of eBPF}},
  howpublished = {\url{https://ebpf.io/}},
  title        = {{eBPF - Introduction, Tutorials and Community Resources}},
  year         = {2022}
}

@inproceedings{le2018,
author = {Le, Ton Chanh and Xu, Lei and Chen, Lin and Shi, Weidong},
title = {Proving Conditional Termination for Smart Contracts},
year = {2018},
isbn = {9781450357586},
publisher = {Association for Computing Machinery},
address = {New York, NY, USA},
url = {https://doi.org/10.1145/3205230.3205239},
doi = {10.1145/3205230.3205239},
booktitle = {Proceedings of the 2nd ACM Workshop on Blockchains, Cryptocurrencies, and Contracts},
pages = {57-–59},
numpages = {3},
location = {Incheon, Republic of Korea},
series = {BCC '18}
}

@article{feitosa2020type,
  title={A type-directed algorithm to generate random well-typed {Java} 8 programs},
  author={Feitosa, Samuel and Ribeiro, Rodrigo and Du Bois, Andre},
  journal={Science of Computer Programming},
  volume={196},
  pages={102494},
  year={2020},
  publisher={Elsevier}
}
